@online{3Report2011,
  author = {Group 3},
  title = {Final Report},
  year = 2011,
  url = {http://www.idi.ntnu.no/emner/tdt4290/Rapporter/2011/Group3.pdf},
  urldate = {2014-09-24}
}